@misc{knollmann2018selfstabilizing,
    title={A Self-Stabilizing Hashed Patricia Trie},
    author={Till Knollmann and Christian Scheideler},
    year={2018},
    eprint={1809.04923},
    archivePrefix={arXiv},
    primaryClass={cs.DC}
}

@article{FileBasedTrieForEmbeddedDevices,
	author = {S. M. Meena, Vanraj Vala, Hemant Tiwari et al.},
	title = {File Based Trie for Embedded Devices},
	publisher = {IEEE},
	journal = {9th International Conference on Advanced Computing (IACC)},
	volume = {9},
	month = {1},
	year = {2019},
	issn = {2473-3571},
	pages = {163--170},
	numpages = {7},
	address = {Tiruchirappalli, India},
}

@article{TriBasedSetOperationsAndSelectiveComputationsOfPrimeImplicates,
	author = {Andrew Matusiewicz, Neil V. Murray, Erik Rosenthal},
	title = {Tri-Based Set Operations and Selective Computation of
Prime Implicates},
	publisher = {Springer-Verlag Berlin Heidelberg},
	journal = {Foundations of Intelligent Systems. ISMIS 2011. Lecture Notes in Computer Science},
	volume = {6804},
	month = {6},
	year = {2011},
	isbn = {978-3-642-21916-0},
	pages = {203--213},
	numpages = {11},
	address = {Institute for Informatics, Logics, & Security Studies, Department of Computer Science, University at Albany – SUNY, Albany, NY 12222, USA},
}

@article{PatriciaDonaldRMorrison,
	author = {Morrison, Donald R.},
	title = {Patricia - Practical Algorithm To Retrieve Information Coded in Alphanumeric},
	journal = {Journal of the Association for Computer Machinery},
	volume = {15},
	number = {4},
	month = {10},
	year = {1968},
	issn = {0001-0782},
	pages = {514--534},
	numpages = {21},
	address = {Sandia Laboratory, Computer Science, Division 5256, Albuquerque, New Mexico, USA},
}

@article{CNF_DIMACSFileFormat,
	title={DIMACS CNF (.cnf) Format},
	organization = {Maplesoft, a division of Waterloo Maple Inc.},
	note = {\href{https://www.maplesoft.com/support/help/Maple/view.aspx?path=Formats/CNF}{https://www.maplesoft.com}},
	langid = {english}
}

@article{CNFFileFormat,
	title={All about CNF Files},
	organization = {FILExt},
	note = {\href{https://filext.com/file-extension/CNF}{https://filext.com}},
	langid = {english}
}

@article{CNFFiles,
	title={CNF Files},
	author = {John Burkardt},
	organization = {Florida State University, The Department of Scientific Computing},
	day = {22},
	month = {6},
	year = {2008},
	note = {\href{https://people.sc.fsu.edu/~jburkardt/data/cnf/cnf.html}{https://www.sc.fsu.edu/}},
	langid = {english}
}

@article{wikiCanonicalNormalForm,
	title={Canonical normal form},
	author = {Wikipedia},
	organization = {Wikimedia Foundation, Inc.},
	day = {30},
	month = {12},
	year = {2019},
	note = {\href{https://en.wikipedia.org/wiki/Conjunctive_normal_form}{https://en.wikipedia.org}},
	langid = {english}
}

@article{wikiConjunctiveNormalForm,
	title={Conjunctive normal form},
	author = {Wikipedia},
	organization = {Wikimedia Foundation, Inc.},
	day = {23},
	month = {12},
	year = {2019},
	note = {\href{https://en.wikipedia.org/wiki/Conjunctive_normal_form}{https://en.wikipedia.org}},
	langid = {english}
}

@article{wikiDysjunkcyjnaPostacNormalna,
	title={Dysjunkcyjna postać normalna},
	author = {Wikipedia},
	organization = {Wikimedia Foundation, Inc.},
	day = {23},
	month = {10},
	year = {2018},
	note = {\href{https://pl.wikipedia.org/wiki/Dysjunkcyjna_posta\%C4\%87_normalna}{https://en.wikipedia.org}},
	langid = {polish}
}

@article{wikiKoniunkcyjnaPostacNormalna,
	title={Koniunkcyjna postać normalna},
	author = {Wikipedia},
	organization = {Wikimedia Foundation, Inc.},
	day = {26},
	month = {4},
	year = {2019},
	note = {\href{https://pl.wikipedia.org/wiki/Koniunkcyjna_posta\%C4\%87_normalna}{https://en.wikipedia.org}},
	langid = {polish}
}

@article{wikiClause,
	title={Clause (Logic)},
	author = {Wikipedia},
	organization = {Wikimedia Foundation, Inc.},
	day = {19},
	month = {12},
	year = {2019},
	note = {\href{https://en.wikipedia.org/wiki/Clause_(logic)}{https://en.wikipedia.org}},
	langid = {english}
}

@article{wikiKlauzula,
	title={Klauzula (Matematyka)},
	author = {Wikipedia},
	organization = {Wikimedia Foundation, Inc.},
	day = {22},
	month = {6},
	year = {2019},
	note = {\href{https://pl.wikipedia.org/wiki/Klauzula_(matematyka)}{https://en.wikipedia.org}},
	langid = {polish}
}

@article{wikiAtom,
	title={Formuła atomowa},
	author = {Wikipedia},
	organization = {Wikimedia Foundation, Inc.},
	day = {15},
	month = {8},
	year = {2019},
	note = {\href{https://pl.wikipedia.org/wiki/Formu\%C5\%82a_atomowa}{https://en.wikipedia.org}},
	langid = {polish}
}

@article{stanfordKeithSchwarz,
	title = { CS 166: Data Structures, x-Fast and y-Fast Tries},
	author = {Keith Schwarz},
	organization = {Stanford CS department},
	note = {\href{http://web.stanford.edu/class/archive/cs/cs166/cs166.1146/lectures/15/Small15.pdf}{http://web.stanford.edu/class/archive/cs/cs166/cs166.1146/}},
	langid = {english}
}

@article{inteviewCakeJavaBitShifting,
	title = {Bit Shifting (Java)},
	author = {Interviewcake.com},
	organization = {Cake Labs, Inc.},
	note = {\href{https://www.interviewcake.com/concept/java/bit-shift}{https://interviewcake.com}},
	langid = {english}
}

@article{wikiMix,
	title={MIX (Knuth)},
	author = {Esolang},
	day = {1},
	month = {11},
	year = {2019},
	note = {\href{https://esolangs.org/wiki/MIX_(Knuth)}{https://esolang.org}},
	langid = {english}
}

@article{wikiTree,
	title={Tree (data structure)},
	author = {Wikipedia},
	organization = {Wikimedia Foundation, Inc.},
	day = {20},
	month = {10},
	year = {2019},
	note = {\href{https://en.wikipedia.org/wiki/Tree_(data_structure)}{https://en.wikipedia.org}},
	langid = {english}
}

@article{wikiTrie,
	title={Trie},
	author = {Wikipedia},
	organization = {Wikimedia Foundation, Inc.},
	day = {26},
	month = {9},
	year = {2019},
	note = {\href{https://en.wikipedia.org/wiki/Trie}{https://en.wikipedia.org}},
	langid = {english}
}

@article{wikiMAry,
	title = {M-ary tree},
	author = {Wikipedia},
	organization = {Wikimedia Foundation, Inc.},
	day = {30},
	month = {9},
	year = {2019},
	note = {\href{https://en.wikipedia.org/wiki/M-ary_tree}{https://www.en.wikipedia.org}},
	langid = {english}
}

@article{FredkinsTrieMemory,
	author = {Fredkin, Edward},
	title = {Trie Memory},
	journal = {Commun. ACM},
	volume = {3},
	number = {9},
	month = {9},
	year = {1960},
	issn = {0001-0782},
	pages = {490--499},
	numpages = {10},
	url = {http://doi.acm.org/10.1145/367390.367400},
	doi = {10.1145/367390.367400},
	acmid = {367400},
	publisher = {ACM},
	address = {New York, NY, USA},
}

@Book{CormensIntroductionToAlgorithms,
	author = {Thomas H. Cormen \& Charles E. Leiserson \& Ronald L. Rivest \& Clifford Stein},
	booktitle = {Introduction to Algorithms},
	organization = {Massachusetts Institute of Technology},
	publisher = {The MIT Press},
	year = {2009},
	edition = {3},
	chapter = {20-2},
	pages = {558},
	address = {Cambridge, Massachusetts, USA | London, England},
	langid = {english}
}

@article{BriandaisWesternJointComputerConf,
	author = {René de la Briandais},
	title = {File searching using variable length keys},
	journal = {Proc. Western Joint Computer Conference},
	publisher = {AFIPS Press},
	volume = {15},
	year = {1959},
	pages = {295-298},
	langid = {english}
}

@Book{ThuesSelectedMathematicalPapers,
	author = {Axel Thue},
	booktitle = {Selected Mathematical Paper},
	title = {Skrifter udgivne af Videnskabs-Selskabet i Christiania,
	MathematiskNaturvidenskabelig Klasse (1912), No. 1},
	organization = {Universitetsforlaget},
	year = {1977},
	pages = {413-477},
	address = {Oslo},
	langid = {english}
}

@Book{KnuthsTheArtOfComputerProgramming3,
	author = {Donald E. Knuth},
	booktitle = {The Art of Computer Programming},
	title = {The Art of Computer Programming},
	organization = {Stanford University},
	publisher = {Mathematical Sciences Publishers (MSP)},
	month = {6},
	year = {2014},
	volume = {3},
	chapter = {6.3. Digital Searching},
	pages = {624-629},
	address = {Boston, MA 02116, USA},
	note = {\href{https://linuxnasm.be/media/pdf/donald-knuth/taocp/volume-3/taocp-vol3-sorting-searching.pdf}{https://linuxnasm.be/media/pdf/donald-knuth/taocp/volume-3/taocp-vol3-sorting-searching.pdf}},
	langid = {english}
}

@Book{KnuthsTheArtOfComputerProgramming1,
	author = {Donald E. Knuth},
	booktitle = {The Art of Computer Programming},
	title = {The Art of Computer Programming},
	organization = {Stanford University},
	publisher = {Addison Wesley Longman},
	month = {5},
	year = {1997},
	volume = {1},
	chapter = {2.3. Trees},
	pages = {308},
	address = {Boston, MA 02116, USA},
	langid = {english}
}


@article{MediumComHowToBuildATrieTree,
	author = {Amogh Avadhani},
	title = {How to build a Trie Tree in Java},
	organization = {A Medium Corporation (US)},
	month = {5},
	year = {2018},
	note = {\href{https://medium.com/@amogh.avadhani/how-to-build-a-trie-tree-in-java-9d144aaa0d01}{https://medium.com}},
	langid = {english}
}

@article{MediumComTryingToUnderstandTries,
	author = {Vaidehi Joshi},
	title = {Trying to Understand Tries},
	organization = {A Medium Corporation (US)},
	month = {7},
	year = {2017},
	note = {\href{https://medium.com/basecs/trying-to-understand-tries-3ec6bede0014}{https://medium.com}},
	langid = {english}
}

@article{LatexTemplateAghDPlImir,
	author = {Szymon Mikulicz, Marcel Piszak, Marcin Szpyrka},
	title = {AghDPL, AghDPL-Imir},
	note = {Latex document template \href{https://github.com/Ashymad/aghdpl-imir/releases}{https://github.com/Ashymad/aghdpl-imir/releases}},
	langid = {polish}
}

@article{GFGTrieInserAndSearch,
	author = {Venkateswara Rao Sanaka},
	title = {Trie | (Insert and Search)},
	organization = {GeeksForGeeks, Software AG (APAMA Analytics)},
	note = {\href{https://www.geeksforgeeks.org/trie-insert-and-search/}{https://www.geeksforgeeks.org}},
	langid = {english}
}

@article{GFGAdvantagesOfTrieDataStructure,
	author = {Sakshi Tiwari aka. vero},
	title = {Advantages of Trie Data Structure},
	organization = {GeeksForGeeks},
	note = {\href{https://www.geeksforgeeks.org/advantages-trie-data-structure/}{https://www.geeksforgeeks.org}},
	langid = {english}
}

@article{BaeldungComTrieJava,
	author = {Fatos Morina},
	title = {The Trie Data Structure in Java},
	month = {7},
	year = {2019},
	note = {\href{https://www.baeldung.com/trie-java}{https://www.baeldung.com}},
	langid = {english}
}

@article{EmeryBurgersPerformanceMatters,
	author = {Emery Berger},
	title = {Performance Matters},
	organization = {Department of Computer Science, University of Massachusetts},
	address = {Amherst, Massachusetts},
	month = {9},
	year = {2019},
	note = {\href{https://www.youtube.com/watch?v=r-TLSBdHe1A}{https://www.youtube.com}},
	langid = {english}	
}

@article{DZoneComWhyManyJavaPerformanceTestsAreWrong,
	author = {Daan van Etten},
	title = {Why Many Java Performance Tests are Wrong},
	organization = {DZone},
	month = {1},
	year = {2009},
	note = {\href{https://dzone.com/articles/why-many-java-performance-test?fbclid=IwAR2J1Bm447KPmh50EC3UNFPFtFlX7CPJepFcmrd5g_0OGDs7PD6R-opc9yw}{https://dzone.com}},
	langid = {english}
}

@article{HashFunctionsShazamYoutubeRealEngineering,
	author = {Real Engineering},
	title = {How Shazam Works - Hash Functions},
	organization = {YouTube},
	day = {13},
	month = {12},
	year = {2018},
	note = {\href{https://www.youtube.com/watch?v=kMNSAhsyiDg}{https://www.youtube.com}},
	langid = {english}
}
